@inproceedings{Abraham20,
  title        = {On the Use of Containers in High Performance Computing Environments},
  author       = {Abraham, Subil and Paul, Arnab K. and Khan, Redwan Ibne Seraj and Butt, Ali R.},
  year         = 2020,
  booktitle    = {2020 IEEE 13th International Conference on Cloud Computing (CLOUD)},
  pages        = {284--293},
  doi          = {10.1109/CLOUD49709.2020.00048},
}

@article{ahuja20,
  title        = {Multi-factor performance comparison of amazon web services elastic compute cluster and google cloud platform compute engine},
  author       = {Ahuja, Sanjay P and Czarnecki, Emily and Willison, Sean},
  year         = 2020,
  journal      = {International Journal of Cloud Applications and Computing (IJCAC)},
  publisher    = {IGI Global},
  volume       = 10,
  number       = 3,
  pages        = {1--16},
}

@article{Alnafessah21,
  title        = {Quality-Aware DevOps Research: Where Do We Stand?},
  author       = {Alnafessah, Ahmad and Gias, Alim Ul and Wang, Runan and Zhu, Lulai and Casale, Giuliano and Filieri, Antonio},
  year         = 2021,
  journal      = {IEEE Access},
  volume       = 9,
  pages        = {44476--44489},
  doi          = {10.1109/ACCESS.2021.3064867},
}

@inbook{Baldini17,
  title        = {Serverless Computing: Current Trends and Open Problems},
  author       = {Baldini, Ioana and Castro, Paul and Chang, Kerry and Cheng, Perry and Fink, Stephen and Ishakian, Vatche and Mitchell, Nick and Muthusamy, Vinod and Rabbah, Rodric and Slominski, Aleksander and Suter, Philippe},
  year         = 2017,
  booktitle    = {Research Advances in Cloud Computing},
  publisher    = {Springer Singapore},
  address      = {Singapore},
  pages        = {1--20},
  doi          = {10.1007/978-981-10-5026-8_1},
  isbn         = {978-981-10-5026-8},
  editor       = {Chaudhary, Sanjay and Somani, Gaurav and Buyya, Rajkumar},
}

@article{Barati22,
  title        = {Privacy-Aware Cloud Auditing for GDPR Compliance Verification in Online Healthcare},
  author       = {Barati, Masoud and Aujla, Gagangeet Singh and Llanos, Jose Tomas and Duodu, Kwabena Adu and Rana, Omer F. and Carr, Madeline and Ranjan, Rajiv},
  year         = 2022,
  journal      = {IEEE Transactions on Industrial Informatics},
  volume       = 18,
  number       = 7,
  pages        = {4808--4819},
  doi          = {10.1109/TII.2021.3100152},
}

@article{Bernstein14,
  title        = {Containers and Cloud: From LXC to Docker to Kubernetes},
  author       = {Bernstein, David},
  year         = 2014,
  journal      = {IEEE Cloud Computing},
  volume       = 1,
  number       = 3,
  pages        = {81--84},
  doi          = {10.1109/MCC.2014.51},
}

@inproceedings{Bousselmi14,
  title        = {Cloud Services Orchestration: A Comparative Study of Existing Approaches},
  author       = {Bousselmi, Khadija and Brahmi, Zaki and Gammoudi, Mohamed Mohsen},
  year         = 2014,
  booktitle    = {2014 28th International Conference on Advanced Information Networking and Applications Workshops},
  pages        = {410--416},
  doi          = {10.1109/WAINA.2014.72},
}

@book{Burns22,
  title        = {Kubernetes: up and running},
  author       = {Burns, Brendan and Beda, Joe and Hightower, Kelsey and Evenson, Lachlan},
  year         = 2022,
  publisher    = {" O'Reilly Media, Inc."},
}

@misc{cluster23,
  title        = {GKE cluster architecture},
  author       = {{Google Cloud}},
  year         = 2023,
  url          = {https://cloud.google.com/kubernetes-engine/docs/concepts/cluster-architecture},
  urldate      = {2023-10-30},
}

@article{Compastie20,
  title        = {From virtualization security issues to cloud protection opportunities: An in-depth analysis of system virtualization models},
  author       = {Maxime Compastié and Rémi Badonnel and Olivier Festor and Ruan He},
  year         = 2020,
  journal      = {Computers \& Security},
  volume       = 97,
  pages        = 101905,
  doi          = {10.1016/j.cose.2020.101905},
  issn         = {0167-4048},
}

@misc{components23,
  title        = {Kubernetes Components},
  author       = {Kubernetes},
  year         = 2023,
  url          = {https://kubernetes.io/docs/concepts/overview/components},
  urldate      = {2023-10-30},
}

@article{desai13,
  title        = {Hypervisor: A survey on concepts and taxonomy},
  author       = {Desai, Ankita and Oza, Rachana and Sharma, Pratik and Patel, Bhautik},
  year         = 2013,
  journal      = {International Journal of Innovative Technology and Exploring Engineering},
  publisher    = {Citeseer},
  volume       = 2,
  number       = 3,
  pages        = {222--225},
}

@inproceedings{Dua14,
  title        = {Virtualization vs Containerization to Support PaaS},
  author       = {Dua, Rajdeep and Raja, A Reddy and Kakadia, Dharmesh},
  year         = 2014,
  booktitle    = {2014 IEEE International Conference on Cloud Engineering},
  pages        = {610--614},
  doi          = {10.1109/IC2E.2014.41},
}

@inproceedings{espe20,
  title        = {Performance Evaluation of Container Runtimes.},
  author       = {Espe, Lennart and Jindal, Anshul and Podolskiy, Vladimir and Gerndt, Michael},
  year         = 2020,
  booktitle    = {CLOSER},
  pages        = {273--281},
}

@inproceedings{Gantikow20,
  title        = {Rootless Containers with Podman for HPC},
  author       = {Gantikow, Holger and Walter, Steffen and Reich, Christoph},
  year         = 2020,
  booktitle    = {High Performance Computing},
  publisher    = {Springer International Publishing},
  pages        = {343--354},
  isbn         = {978-3-030-59851-8},
}

@inproceedings{Heiser08,
  title        = {The Role of Virtualization in Embedded Systems},
  author       = {Heiser, Gernot},
  year         = 2008,
  booktitle    = {Proceedings of the 1st Workshop on Isolation and Integration in Embedded Systems},
  location     = {Glasgow, Scotland},
  publisher    = {Association for Computing Machinery},
  series       = {IIES '08},
  pages        = {11–16},
  doi          = {10.1145/1435458.1435461},
  isbn         = 9781605581262,
}

@misc{Helsinki21,
  title        = {Tarvitsetko tutkimukseesi palvelimen? Kokeile OpenShift-kontti\-palvelua!},
  author       = {{Helsingin yliopisto}},
  year         = 2021,
  url          = {https://blogs.helsinki.fi/thinkopen/openshift-konttipalvelu},
  urldate      = {2023-11-26},
}

@inproceedings{Jabbari16,
  title        = {What is DevOps? A Systematic Mapping Study on Definitions and Practices},
  author       = {Jabbari, Ramtin and bin Ali, Nauman and Petersen, Kai and Tanveer, Binish},
  year         = 2016,
  booktitle    = {Proceedings of the Scientific Workshop Proceedings of XP2016},
  publisher    = {Association for Computing Machinery},
  series       = {XP '16 Workshops},
  doi          = {10.1145/2962695.2962707},
  isbn         = 9781450341349,
  articleno    = 12,
  numpages     = 11,
}

@inproceedings{Jawarneh19,
  title        = {Container Orchestration Engines: A Thorough Functional and Performance Comparison},
  author       = {Jawarneh, Isam Mashhour Al and Bellavista, Paolo and Bosi, Filippo and Foschini, Luca and Martuscelli, Giuseppe and Montanari, Rebecca and Palopoli, Amedeo},
  year         = 2019,
  booktitle    = {ICC 2019 - 2019 IEEE International Conference on Communications (ICC)},
  pages        = {1--6},
  doi          = {10.1109/ICC.2019.8762053},
}

@inproceedings{Kalliosaari16,
  title        = {DevOps Adoption Benefits and Challenges in Practice: A Case Study},
  author       = {Riungu-Kalliosaari, Leah and M{\"a}kinen, Simo and Lwakatare, Lucy Ellen and Tiihonen, Juha and M{\"a}nnist{\"o}, Tomi},
  year         = 2016,
  booktitle    = {Product-Focused Software Process Improvement},
  publisher    = {Springer International Publishing},
  pages        = {590--597},
  isbn         = {978-3-319-49094-6},
}

@inproceedings{Kang16,
  title        = {Container and Microservice Driven Design for Cloud Infrastructure DevOps},
  author       = {Kang, Hui and Le, Michael and Tao, Shu},
  year         = 2016,
  booktitle    = {2016 IEEE International Conference on Cloud Engineering (IC2E)},
  pages        = {202--211},
  doi          = {10.1109/IC2E.2016.26},
}

@article{Khan17,
  title        = {Key Characteristics of a Container Orchestration Platform to Enable a Modern Application},
  author       = {Khan, Asif},
  year         = 2017,
  journal      = {IEEE Cloud Computing},
  volume       = 4,
  number       = 5,
  pages        = {42--48},
  doi          = {10.1109/MCC.2017.4250933},
}

@article{Khan22,
  title        = {Critical Challenges to Adopt DevOps Culture in Software Organizations: A Systematic Review},
  author       = {Khan, Muhammad Shoaib and Khan, Abudul Wahid and Khan, Faheem and Khan, Muhammad Adnan and Whangbo, Taeg Keun},
  year         = 2022,
  journal      = {IEEE Access},
  volume       = 10,
  pages        = {14339--14349},
  doi          = {10.1109/ACCESS.2022.3145970},
}

@article{Klein21,
  title        = {The DevOps: A Concise Understanding to the DevOps Philosophy and Science},
  author       = {Klein, Brandon Thorin},
  year         = 2021,
  doi          = {10.2172/1785164},
}

@inproceedings{Kousa20,
  title        = {Teaching Container-Based DevOps Practices},
  author       = {Kousa, Jami and Ihantola, Petri and Hellas, Arto and Luukkainen, Matti},
  year         = 2020,
  booktitle    = {Web Engineering},
  publisher    = {Springer International Publishing},
  pages        = {494--502},
  isbn         = {978-3-030-50578-3},
}

@misc{Kubernetes23,
  title        = {Overview},
  author       = {Kubernetes},
  year         = 2023,
  url          = {https://kubernetes.io/docs/concepts/overview},
  urldate      = {2023-09-24},
}

@article{Laukka20,
  title        = {User acceptance \& use of Sisu system in the University of Jyv{\"a}skyl{\"a}},
  author       = {Laukka, Michael and Huotari, Samuel},
  year         = 2020,
}

@article{Leite19,
  title        = {A Survey of DevOps Concepts and Challenges},
  author       = {Leite, Leonardo and Rocha, Carla and Kon, Fabio and Milojicic, Dejan and Meirelles, Paulo},
  year         = 2019,
  journal      = {ACM Comput. Surv.},
  publisher    = {Association for Computing Machinery},
  volume       = 52,
  number       = 6,
  doi          = {10.1145/3359981},
  issn         = {0360-0300},
  issue_date   = {November 2020},
  articleno    = 127,
  numpages     = 35,
}

@inproceedings{Lossent17,
  title        = {PaaS for web applications with OpenShift Origin},
  author       = {Lossent, Alexandre and Peon, A Rodriguez and Wagner, A},
  year         = 2017,
  booktitle    = {Journal of Physics: Conference Series},
  volume       = 898,
  number       = 8,
  pages        = {082037},
  organization = {IOP Publishing},
}

@inproceedings{Malviya22,
  title        = {A Comparative Analysis of Container Orchestration Tools in Cloud Computing},
  author       = {Malviya, Anshita and Dwivedi, Rajendra Kumar},
  year         = 2022,
  booktitle    = {2022 9th International Conference on Computing for Sustainable Global Development (INDIACom)},
  pages        = {698--703},
  doi          = {10.23919/INDIACom54597.2022.9763171},
}

@article{Medel18,
  title        = {Characterising resource management performance in Kubernetes},
  author       = {Víctor Medel and Rafael Tolosana-Calasanz and José Ángel Bañares and Unai Arronategui and Omer F. Rana},
  year         = 2018,
  journal      = {Computers \& Electrical Engineering},
  volume       = 68,
  pages        = {286--297},
  doi          = {10.1016/j.compeleceng.2018.03.041},
  issn         = {0045-7906},
}

@inproceedings{Mikkonen22,
  title        = {Cargo-Cult Containerization: A Critical View of Containers in Modern Software Development},
  author       = {Mikkonen, Tommi and Pautasso, Cesare and Systä, Kari and Taivalsaari, Antero},
  year         = 2022,
  booktitle    = {2022 IEEE International Conference on Service-Oriented System Engineering (SOSE)},
  pages        = {93--98},
  doi          = {10.1109/SOSE55356.2022.00017},
}

@article{mondal22,
  title        = {Kubernetes in IT administration and serverless computing: An empirical study and research challenges},
  author       = {Mondal, Subrota Kumar and Pan, Rui and Kabir, HM Dipu and Tian, Tan and Dai, Hong-Ning},
  year         = 2022,
  journal      = {The Journal of Supercomputing},
  publisher    = {Springer},
  pages        = {1--51},
}

@article{Muddinagiri19,
  title        = {Self-{Hosted} {Kubernetes}: Deploying {Docker} {Containers} {Locally} {With} {Minikube}},
  author       = {Muddinagiri, Ruchika and Ambavane, Shubham and Bayas, Simran},
  year         = 2019,
}

@inproceedings{Narasimhulu23,
  title        = {Investigating the Impact of Containerization on the Deployment Process in DevOps},
  author       = {Narasimhulu, Modugula and Mounika, Darapureddy Veera and Varshini, Puttagunta and K, Amarendra and Rao, TK Rama Krishna},
  year         = 2023,
  booktitle    = {2023 2nd International Conference on Edge Computing and Applications (ICECAA)},
  pages        = {679--685},
  doi          = {10.1109/ICECAA58104.2023.10212240},
}

@inproceedings{Naydenov23,
  title        = {Cloud Container Orchestration Architectures, Models and Methods: a Systematic Mapping Study},
  author       = {Naydenov, Nikolas and Ruseva, Stela},
  year         = 2023,
  booktitle    = {2023 22nd International Symposium INFOTEH-JAHORINA (INFOTEH)},
  pages        = {1--8},
  doi          = {10.1109/INFOTEH57020.2023.10094059},
}

@misc{Norppa23,
  title        = {Norppa-palautejärjestelmä},
  author       = {Toska},
  year         = 2023,
  journal      = {GitHub repository},
  publisher    = {GitHub},
  urldate      = {2023-11-11},
  howpublished = {\url{https://github.com/universityOfHelsinkiCS/palaute}},
  commit       = {dd5cca2879316a99109eea4909137d4619567f76},
}

@misc{OpenShift23,
  title        = {Red Hat OpenShift},
  author       = {{Red Hat}},
  year         = 2023,
  url          = {https://www.redhat.com/en/technologies/cloud-computing/openshift},
  urldate      = {2023-11-11},
}

@misc{Products23,
  title        = {Google Cloud products},
  author       = {{Google Cloud}},
  year         = 2023,
  url          = {https://cloud.google.com/products},
  urldate      = {2023-10-28},
}

@inproceedings{Saha18,
  title        = {Evaluation of Docker Containers for Scientific Workloads in the Cloud},
  author       = {Saha, Pankaj and Beltre, Angel and Uminski, Piotr and Govindaraju, Madhusudhan},
  year         = 2018,
  booktitle    = {Proceedings of the Practice and Experience on Advanced Research Computing},
  publisher    = {Association for Computing Machinery},
  series       = {PEARC '18},
  doi          = {10.1145/3219104.3229280},
  isbn         = 9781450364461,
  articleno    = 11,
  numpages     = 8,
}

@misc{Serverless23,
  title        = {Google Cloud Serverless},
  author       = {{Google Cloud}},
  year         = 2023,
  url          = {https://cloud.google.com/serverless},
  urldate      = {2023-10-28},
}

@article{shafiei22,
  title        = {Serverless computing: a survey of opportunities, challenges, and applications},
  author       = {Shafiei, Hossein and Khonsari, Ahmad and Mousavi, Payam},
  year         = 2022,
  journal      = {ACM Computing Surveys},
  publisher    = {ACM New York, NY},
  volume       = 54,
  number       = {11s},
  pages        = {1--32},
}

@article{Shahin17,
  title        = {Continuous Integration, Delivery and Deployment: A Systematic Review on Approaches, Tools, Challenges and Practices},
  author       = {Shahin, Mojtaba and Ali Babar, Muhammad and Zhu, Liming},
  year         = 2017,
  journal      = {IEEE Access},
  volume       = 5,
  pages        = {3909--3943},
  doi          = {10.1109/ACCESS.2017.2685629},
}

@inproceedings{Singh19,
  title        = {Comparison of Different CI/CD Tools Integrated with Cloud Platform},
  author       = {Singh, Charanjot and Gaba, Nikita Seth and Kaur, Manjot and Kaur, Bhavleen},
  year         = 2019,
  booktitle    = {2019 9th International Conference on Cloud Computing, Data Science \& Engineering (Confluence)},
  pages        = {7--12},
  doi          = {10.1109/CONFLUENCE.2019.8776985},
}

@article{Smith05,
  title        = {The architecture of virtual machines},
  author       = {Smith, J.E. and Ravi Nair},
  year         = 2005,
  journal      = {Computer},
  volume       = 38,
  number       = 5,
  pages        = {32--38},
  doi          = {10.1109/MC.2005.173},
}

@misc{Spaleta19,
  title        = {How Kubernetes works},
  author       = {Jef Spaleta},
  year         = 2019,
  note         = {[haettu 01.10.2023]},
}

@article{Sultan19,
  title        = {Container Security: Issues, Challenges, and the Road Ahead},
  author       = {Sultan, Sari and Ahmad, Imtiaz and Dimitriou, Tassos},
  year         = 2019,
  journal      = {IEEE Access},
  volume       = 7,
  pages        = {52976--52996},
  doi          = {10.1109/ACCESS.2019.2911732},
}

@misc{Tampere23,
  title        = {Opintojaksopalautejärjestelmä},
  author       = {{Tampereen yliopisto}},
  year         = 2023,
  url          = {https://www.tuni.fi/fi/it-palvelut/kasikirja/opetuksen-tyovalineet-ja-tietojarjestelmat/koulutuksen-tietojarjestelmat/opintojaksopalautejarjestelma},
  urldate      = {2023-11-11},
}

@inproceedings{Tenhunen23,
  title        = {Software startup within a university – producing industry-ready graduates},
  author       = {Tenhunen, Saara and Männistö, Tomi and Ihantola, Petri and Kousa, Jami and Luukkainen, Matti},
  year         = 2023,
  booktitle    = {2023 IEEE/ACM 45th International Conference on Software Engineering: Software Engineering Education and Training (ICSE-SEET)},
  pages        = {82--94},
  doi          = {10.1109/ICSE-SEET58685.2023.00014},
}

@article{tomarchio20,
  title        = {Cloud resource orchestration in the multi-cloud landscape: a systematic review of existing frameworks},
  author       = {Tomarchio, Orazio and Calcaterra, Domenico and Modica, Giuseppe Di},
  year         = 2020,
  journal      = {Journal of Cloud Computing},
  publisher    = {Springer},
  volume       = 9,
  pages        = {1--24},
}

@inproceedings{torrez19,
  title        = {HPC container runtimes have minimal or no performance impact},
  author       = {Torrez, Alfred and Randles, Timothy and Priedhorsky, Reid},
  year         = 2019,
  booktitle    = {2019 IEEE/ACM International Workshop on Containers and New Orchestration Paradigms for Isolated Environments in HPC (CANOPIE-HPC)},
  pages        = {37--42},
  organization = {IEEE},
}

@article{Truyen19,
  title        = {A Comprehensive Feature Comparison Study of Open-Source Container Orchestration Frameworks},
  author       = {Truyen, Eddy and Van Landuyt, Dimitri and Preuveneers, Davy and Lagaisse, Bert and Joosen, Wouter},
  year         = 2019,
  journal      = {Applied Sciences},
  volume       = 9,
  number       = 5,
  doi          = {10.3390/app9050931},
  issn         = {2076-3417},
  article-number = 931,
}

@article{Watada19,
  title        = {Emerging Trends, Techniques and Open Issues of Containerization: A Review},
  author       = {Watada, Junzo and Roy, Arunava and Kadikar, Ruturaj and Pham, Hoang and Xu, Bing},
  year         = 2019,
  journal      = {IEEE Access},
  volume       = 7,
  pages        = {152443--152472},
  doi          = {10.1109/ACCESS.2019.2945930},
}

@misc{Wikimedia23,
  title        = {DevOps toolchain},
  author       = {{Wikimedia Commons}},
  year         = 2023,
  url          = {https://upload.wikimedia.org/wikipedia/commons/0/05/Devops-toolchain.svg},
  urldate      = {2023-09-24},
}

@article{Zhou21,
  title        = {Container orchestration on HPC systems through Kubernetes},
  author       = {Zhou, Naweiluo and Georgiou, Yiannis and Pospieszny, Marcin and Zhong, Li and Zhou, Huan and Niethammer, Christoph and Pejak, Branislav and Marko, Oskar and Hoppe, Dennis},
  year         = 2021,
  day          = 22,
  journal      = {Journal of Cloud Computing},
  volume       = 10,
  number       = 1,
  pages        = 16,
  doi          = {10.1186/s13677-021-00231-z},
  issn         = {2192-113X},
}
